<?xml version="1.0" encoding="UTF-8"?><collection xmlns="http://www.loc.gov/MARC21/slim"><record><leader>00606nam--2200193-u-4500</leader><controlfield tag="001">000056880</controlfield><controlfield tag="002">20200911</controlfield><controlfield tag="005">20200911035728</controlfield><controlfield tag="008">200911s1000------------r-----000-0-eng-d</controlfield><datafield ind1=" " ind2=" " tag="040"><subfield code="a">IFIN-HH</subfield></datafield><datafield ind1=" " ind2=" " tag="041"><subfield code="a">eng</subfield></datafield><datafield ind1="1" ind2=" " tag="100"><subfield code="a">Woehr, Andreas</subfield></datafield><datafield ind1="1" ind2="0" tag="245"><subfield code="a">Capture Gamma-Ray Spectroscopy and Related Topics. 12th International Symposium. vol, 819</subfield><subfield code="c">Andreas Woehr; Ani Aprahamian (Eds.)</subfield></datafield><datafield ind1=" " ind2=" " tag="260"><subfield code="a">New Yprk</subfield><subfield code="b">American Institute of Physics</subfield><subfield code="c">2006</subfield></datafield><datafield ind1=" " ind2=" " tag="300"><subfield code="a">XXII+661 p</subfield></datafield><datafield ind1=" " ind2=" " tag="500"><subfield code="a">Donatie Acad. Nicolae Victor Zamfir</subfield></datafield><datafield ind1="1" ind2=" " tag="700"><subfield code="a">Aprahamian, Ani</subfield></datafield><datafield ind1=" " ind2=" " tag="852"><subfield code="a">82815</subfield><subfield code="c">NVZ</subfield></datafield><datafield ind1=" " ind2=" " tag="CAT"><subfield code="a">SYS</subfield><subfield code="c">20200911</subfield><subfield code="h">035728</subfield></datafield></record></collection>